@incollection{linkstability12,
	year={2012},
	booktitle={Springer Sensor Systems and Software},
	volume={102},
	title={{Link Stability in a Wireless Sensor Network – An Experimental Study}},
	author={Lohs, Stefan and Karnapke, Reinhardt and Nolte, Jörg},
	pages={146-161}
}

@incollection{impactweather10,
	year={2010},
	booktitle={Springer Sensor Applications, Experimentation, and Logistics},
	volume={29},
	title={{Low-Power Radio Communication in Industrial Outdoor Deployments: The Impact of Weather Conditions and ATEX-Compliance}},
	author={Boano, CarloAlberto and Brown, James and He, Zhitao and Roedig, Utz and Voigt, Thiemo},
	pages={159-176}
}

@INPROCEEDINGS{murphypotatoes06,
	author={Langendoen, K. and Baggio, A. and Visser, O.},
	booktitle={Parallel and Distributed Processing Symposium},
	title={{Murphy loves potatoes: experiences from a pilot sensor network deployment in precision agriculture}},
	year={2006},
	pages={8 pp.-}
}

@article{sensorscope10,
 author = {Ingelrest, Fran\c{c}ois and Barrenetxea, Guillermo and Schaefer, Gunnar and Vetterli, Martin and Couach, Olivier and Parlange, Marc},
 title = {{SensorScope: Application-specific Sensor Network for Environmental Monitoring}},
 journal = {ACM Transactions on Sensor Networks (TOSN)},
 volume = {6},
 number = {2},
 year = {2010},
 pages = {17:1--17:32}
}

@inproceedings{dem10evolution,
 author = {Dyo, Vladimir and Ellwood, Stephen A. and Macdonald, David W. and Markham, Andrew and Mascolo, Cecilia and P\'{a}sztor, Bence and Scellato, Salvatore and Trigoni, Niki and Wohlers, Ricklef and Yousef, Kharsim},
 title = {{Evolution and Sustainability of a Wildlife Monitoring Sensor Network}},
 booktitle = {Proceedings of the 8th ACM Conference on Embedded Networked Sensor Systems (SenSys)},
 year = {2010},
 pages = {127--140}
}

@inproceedings{zfm12ptunes,
 author = {Zimmerling, Marco and Ferrari, Federico and Mottola, Luca and Voigt, Thiemo and Thiele, Lothar},
 title = {{pTunes: Runtime Parameter Adaptation for Low-power MAC Protocols}},
 booktitle = {Proceedings of the 11th International Conference on Information Processing in Sensor Networks (IPSN)},
 year = {2012},
 pages = {173--184}
}

@ARTICLE{mh10duty,
author={Merlin, C.J. and Heinzelman, W.B.},
journal={IEEE Transactions on Mobile Computing (TMC)},
title={{Duty Cycle Control for Low-Power-Listening MAC Protocols}},
year={2010},
volume={9},
number={11},
pages={1508-1521},
}

@inproceedings{wwx10dynamic,
	Author = {Xiaodong Wang and Xiaorui Wang and Guoliang Xing and Yanjun Yao},
	Booktitle = {Proceedings of the International Workshop on Quality of Service (IWQoS)},
	Pages = {1--9},
	Title = {{Dynamic Duty Cycle Control for End-to-End Delay Guarantees in Wireless Sensor Networks}},
	Year = {2010}
}

@article{ecc12cross,
	Author = {Soledad Escolar and Stefano Chessa and Jesus Carretero and Maria-Cristina Marinescu},
	Journal = {Sensors},
	Number = {8},
	Pages = {10511--10535},
	Title = {{Cross Layer Adaptation of Check Intervals in Low Power Listening MAC Protocols for Lifetime Improvement in Wireless Sensor Networks}},
	Volume = {12},
	Year = {2012}
}

@article{cbs11low,
	Author = {C. Cano and B. Bellalta and A. Sfairopoulou and M. Oliver},
	Journal = {Computer Networks},
	Number = {15},
	Pages = {3351---3363},
	Title = {{Low energy operation in WSNs: A survey of preamble sampling MAC protocols}},
	Volume = {55},
	Year = {2011}
}

@inproceedings{dot07energest,
 author = {Dunkels, Adam and Osterlind, Fredrik and Tsiftes, Nicolas and He, Zhitao},
 title = {{Software-based On-line Energy Estimation for Sensor Nodes}},
 booktitle = {Proceedings of the 4th ACM Workshop on Embedded Networked Sensors (EmNets)},
 year = {2007},
 pages = {28--32}
} 

@INPROCEEDINGS{addvalue13, 
author={Papadopoulos, Georgios and Beaudaux, Julien and Gallais, Antoine and Noel, Thomas and Schreiner, Guillaume}, 
booktitle={Proceedings of the 9th IEEE International Conference on Wireless and Mobile Computing, Networking and Communications (WiMob)}, 
title={{Adding value to WSN simulation using the IoT-LAB experimental platform}}, 
year={2013}, 
pages={485-490}
}

@ARTICLE{tempimpact10, 
author={Boano, C.A. and Tsiftes, N. and Voigt, T. and Brown, J. and Roedig, U.}, 
journal={IEEE Transactions on Industrial Informatics}, 
title={The Impact of Temperature on Outdoor Industrial Sensornet Applications}, 
year={2010}, 
volume={6}, 
number={3}, 
pages={451-459}
}

@article{dbg11wireless,
Author = {Reza S. Dilmaghani and Hossein Bobarshad and M. Ghavami and Sabrieh Choobkar and Charles Wolfe},
Journal = {IEEE Transactions on Biomedical Circuits and Systems},
Number = {4},
Pages = {347--356},
Title = {Wireless Sensor Networks for Monitoring Physiological Signals of Multiple Patients},
Volume = {5},
Year = {2011}
}

@inproceedings{kpc07health,
Author = {Sukun Kim and Shamim Pakzad and David Culler and James Demmel and Gregory Fenves and Steven Glaser and Martin Turon},
Booktitle = {ACM/IEEE International Conference on Information Processing in Sensor Networks (IPSN)},
Title = {Health Monitoring of Civil Infrastructures Using Wireless Sensor Networks},
pages = {254--263},
Year = {2007}
}

@article{ass02wireless,
Author = {I.F. Akyildiz and W. Su and Y. Sankarasubramaniam and E. Cayirci},
Journal = {Computer Networks},
Number = {4},
Pages = {393-422},
Title = {Wireless Sensor Networks: a Survey},
Volume = {38},
Year = {2002}
}

@inproceedings{bya06xmac,
	Author = {Michael Buettner and Gary V. Yee and Eric Anderson and Richard Han},
Booktitle = {Proceedings of the ACM International Conference on Embedded Networked Sensor Systems (Sensys)},
Pages = {307--320},
Title = {X-MAC: a short preamble MAC protocol for duty-cycled wireless sensor networks},
Year = {2006}
}

@article{yang11,
Author = {Ou Yang and Wendi Heinzelman},
Journal = {Transactions on Mobile Computing (TMC)},
Number = {6},
Pages = {905-921},
Title = {Modeling and Performance Analysis for Duty-cycled MAC Protocols with Applications
to S-MAC and X-MAC},
Volume = {11},
Year = {2011}
}
